{"type": "order_placed", "symbol": "HBAR_USDT", "orderId": 1, "account": "0x877664Ae1f1ca217977562A04592eCbCADb2Ca58", "side": "ask", "price": 0.205, "quantity": 100.0, "timestamp": 1761817380120}
{"type": "order_placed", "symbol": "HBAR_USDT", "orderId": 2, "account": "0x877664Ae1f1ca217977562A04592eCbCADb2Ca58", "side": "bid", "price": 0.1985, "quantity": 50.0, "timestamp": 1761827862958}
{"type": "order_placed", "symbol": "HBAR_USDT", "orderId": 1, "account": "0x877664Ae1f1ca217977562A04592eCbCADb2Ca58", "side": "ask", "price": 0.1981, "quantity": 25.0, "timestamp": 1761827908698}
{"type": "order_placed", "symbol": "HBAR_USDT", "orderId": 1, "account": "0x01B144754760F89Dc0179a22BaFa426427ad9592", "side": "bid", "price": 0.1989, "quantity": 100.0, "timestamp": 1761922670198}
{"type": "order_placed", "symbol": "HBAR_USDT", "orderId": 1, "account": "0x19BEa165cc295752D0FcE4851Af77420F163e279", "side": "bid", "price": 0.1974, "quantity": 100.0, "timestamp": 1761940489597}
{"type": "order_placed", "symbol": "HBAR_USDT", "orderId": 1, "account": "0x01B144754760F89Dc0179a22BaFa426427ad9592", "side": "bid", "price": 0.1991, "quantity": 100.0, "timestamp": 1761942415479}
{"type": "order_placed", "symbol": "HBAR_USDT", "orderId": 1, "account": "0x19BEa165cc295752D0FcE4851Af77420F163e279", "side": "ask", "price": 0.1986, "quantity": 50.0, "timestamp": 1761942517017}
{"type": "order_placed", "symbol": "HBAR_USDT", "orderId": 1, "account": "0x19BEa165cc295752D0FcE4851Af77420F163e279", "side": "bid", "price": 0.1972, "quantity": 100.0, "timestamp": 1761944624441}
{"type": "order_placed", "symbol": "HBAR_USDT", "orderId": 1, "account": "0x01B144754760F89Dc0179a22BaFa426427ad9592", "side": "ask", "price": 0.1972, "quantity": 50.0, "timestamp": 1761944721426}
{"type": "order_placed", "symbol": "HBAR_USDT", "orderId": 1, "account": "0x01B144754760F89Dc0179a22BaFa426427ad9592", "side": "bid", "price": 0.1, "quantity": 100.0, "timestamp": 1761945268053}
{"type": "order_placed", "symbol": "HBAR_USDT", "orderId": 2, "account": "0x01B144754760F89Dc0179a22BaFa426427ad9592", "side": "bid", "price": 0.1968, "quantity": 150.0, "timestamp": 1761945371535}
{"type": "order_placed", "symbol": "HBAR_USDT", "orderId": 1, "account": "0x19BEa165cc295752D0FcE4851Af77420F163e279", "side": "ask", "price": 0.1969, "quantity": 50.0, "timestamp": 1761945475403}
{"type": "order_placed", "symbol": "HBAR_USDT", "orderId": 1, "account": "0x19BEa165cc295752D0FcE4851Af77420F163e279", "side": "bid", "price": 0.197, "quantity": 100.0, "timestamp": 1761946342899}
{"type": "order_placed", "symbol": "HBAR_USDT", "orderId": 1, "account": "0x01B144754760F89Dc0179a22BaFa426427ad9592", "side": "ask", "price": 0.1975, "quantity": 50.0, "timestamp": 1761946440678}
{"type": "order_placed", "symbol": "HBAR_USDT", "orderId": 1, "account": "0x01B144754760F89Dc0179a22BaFa426427ad9592", "side": "bid", "price": 0.1974, "quantity": 100.0, "timestamp": 1761948851396}
{"type": "order_placed", "symbol": "HBAR_USDT", "orderId": 1, "account": "0x19BEa165cc295752D0FcE4851Af77420F163e279", "side": "ask", "price": 0.1972, "quantity": 50.0, "timestamp": 1761948933137}
{"type": "order_placed", "symbol": "HBAR_USDT", "orderId": 1, "account": "0x01B144754760F89Dc0179a22BaFa426427ad9592", "side": "bid", "price": 0.1974, "quantity": 100.0, "timestamp": 1762085131086}
{"type": "order_placed", "symbol": "HBAR_USDT", "orderId": 1, "account": "0x19BEa165cc295752D0FcE4851Af77420F163e279", "side": "ask", "price": 0.1975, "quantity": 40.0, "timestamp": 1762085215330}
{"type": "order_placed", "symbol": "HBAR_USDT", "orderId": 1, "account": "0x01B144754760F89Dc0179a22BaFa426427ad9592", "side": "bid", "price": 0.1964, "quantity": 100.0, "timestamp": 1762088939642}
{"type": "order_placed", "symbol": "HBAR_USDT", "orderId": 1, "account": "0x19BEa165cc295752D0FcE4851Af77420F163e279", "side": "ask", "price": 0.1963, "quantity": 50.0, "timestamp": 1762089034631}
{"type": "order_placed", "symbol": "HBAR_USDT", "orderId": 1, "account": "0x19BEa165cc295752D0FcE4851Af77420F163e279", "side": "bid", "price": 0.1958, "quantity": 99.98, "timestamp": 1762089806188}
{"type": "order_placed", "symbol": "HBAR_USDT", "orderId": 1, "account": "0x01B144754760F89Dc0179a22BaFa426427ad9592", "side": "ask", "price": 0.1957, "quantity": 50.0, "timestamp": 1762089862230}
{"type": "order_placed", "symbol": "HBAR_USDT", "orderId": 1, "account": "0x19BEa165cc295752D0FcE4851Af77420F163e279", "side": "ask", "price": 0.1961, "quantity": 50.0, "timestamp": 1762090332532}
{"type": "order_placed", "symbol": "HBAR_USDT", "orderId": 4, "account": "0x01B144754760F89Dc0179a22BaFa426427ad9592", "side": "bid", "price": 0.1958, "quantity": 100.0, "timestamp": 1762090924454}
{"type": "order_placed", "symbol": "HBAR_USDT", "orderId": 1, "account": "0x19BEa165cc295752D0FcE4851Af77420F163e279", "side": "ask", "price": 0.1958, "quantity": 50.0, "timestamp": 1762091018265}
{"type": "order_placed", "symbol": "HBAR_USDT", "orderId": 6, "account": "0x19BEa165cc295752D0FcE4851Af77420F163e279", "side": "bid", "price": 0.1963, "quantity": 99.98, "timestamp": 1762091432862}
{"type": "order_placed", "symbol": "HBAR_USDT", "orderId": 1, "account": "0x01B144754760F89Dc0179a22BaFa426427ad9592", "side": "ask", "price": 0.1961, "quantity": 49.98, "timestamp": 1762091483323}
{"type": "order_placed", "symbol": "HBAR_USDT", "orderId": 1, "account": "0x19BEa165cc295752D0FcE4851Af77420F163e279", "side": "ask", "price": 0.1958, "quantity": 25.0, "timestamp": 1762091925084}
{"type": "order_placed", "symbol": "HBAR_USDT", "orderId": 1, "account": "0x19BEa165cc295752D0FcE4851Af77420F163e279", "side": "ask", "price": 0.1932, "quantity": 25.0, "timestamp": 1762096221143}
{"type": "order_placed", "symbol": "HBAR_USDT", "orderId": 1, "account": "0x01B144754760F89Dc0179a22BaFa426427ad9592", "side": "bid", "price": 0.1928, "quantity": 100.0, "timestamp": 1762099813781}
{"type": "order_placed", "symbol": "HBAR_USDT", "orderId": 1, "account": "0x19BEa165cc295752D0FcE4851Af77420F163e279", "side": "ask", "price": 0.1925, "quantity": 25.0, "timestamp": 1762099931564}
{"type": "order_placed", "symbol": "HBAR_USDT", "orderId": 1, "account": "0x01B144754760F89Dc0179a22BaFa426427ad9592", "side": "bid", "price": 0.1936, "quantity": 100.0, "timestamp": 1762101275781}
{"type": "order_placed", "symbol": "HBAR_USDT", "orderId": 1, "account": "0x19BEa165cc295752D0FcE4851Af77420F163e279", "side": "ask", "price": 0.1939, "quantity": 40.0, "timestamp": 1762101405972}
{"type": "order_placed", "symbol": "HBAR_USDT", "orderId": 1, "account": "0x19BEa165cc295752D0FcE4851Af77420F163e279", "side": "ask", "price": 0.1943, "quantity": 40.0, "timestamp": 1762101670772}
{"type": "order_placed", "symbol": "HBAR_USDT", "orderId": 1, "account": "0x19BEa165cc295752D0FcE4851Af77420F163e279", "side": "ask", "price": 0.1949, "quantity": 40.0, "timestamp": 1762102129193}
{"type": "order_placed", "symbol": "HBAR_USDT", "orderId": 1, "account": "0x01B144754760F89Dc0179a22BaFa426427ad9592", "side": "bid", "price": 0.1933, "quantity": 100.0, "timestamp": 1762102490345}
{"type": "order_placed", "symbol": "HBAR_USDT", "orderId": 1, "account": "0x19BEa165cc295752D0FcE4851Af77420F163e279", "side": "ask", "price": 0.1936, "quantity": 20.0, "timestamp": 1762102546074}
{"type": "order_placed", "symbol": "HBAR_USDT", "orderId": 3, "account": "0x01B144754760F89Dc0179a22BaFa426427ad9592", "side": "bid", "price": 0.1928, "quantity": 100.0, "timestamp": 1762107495230}
{"type": "order_placed", "symbol": "HBAR_USDT", "orderId": 1, "account": "0x19BEa165cc295752D0FcE4851Af77420F163e279", "side": "ask", "price": 0.1931, "quantity": 50.0, "timestamp": 1762107612361}
{"type": "order_placed", "symbol": "HBAR_USDT", "orderId": 5, "account": "0x19BEa165cc295752D0FcE4851Af77420F163e279", "side": "bid", "price": 0.1929, "quantity": 99.98, "timestamp": 1762108016245}
